@article{milham:paper,
	author = "{{Miller M. C., Hamilton D. P.}}",
        title = "{Production of intermediate-mass black holes in globular clusters}",
      journal = {MNRAS},
     keywords = {ACCRETION, ACCRETION DISCS, BLACK HOLE PHYSICS, BINARIES: CLOSE, GLOBULAR CLUSTERS: GENERAL, GALAXIES: STARBURST, Astrophysics},
         year = 2002,
        month = feb,
       volume = {330},
       number = {1},
        pages = {232-240},
          doi = {10.1046/j.1365-8711.2002.05112.x},
archivePrefix = {arXiv},
       eprint = {astro-ph/0106188},
 primaryClass = {astro-ph},
       adsurl = {https://ui.adsabs.harvard.edu/abs/2002MNRAS.330..232C},
      adsnote = {Provided by the SAO/NASA Astrophysics Data System}
}

@article{Abbott2020:paper,
	doi = {10.3847/2041-8213/aba493},
	url = {https://doi.org/10.3847\%2F2041-8213\%2Faba493},
	year = 2020,
	%month = {sep},
	publisher = {American Astronomical Society},
	volume = {900},
	number = {1},
	pages = {L13},
	author = "{{R. Abbott, T. D. Abbott et al. 2020}}",
	title = {Properties and Astrophysical Implications of the 150 M $\odot$ Binary Black Hole Merger {GW}190521},
	journal = {The Astrophysical Journal},
	abstract = {}
}

@article{portmcmil:paper,
	author = "{{Portegies Zwart S. F., McMillan S. L. W.}}",
	doi = {10.1086/341798},
	url = {https://doi.org/10.10862F341798},
	year = 2002,
	%month = {sep},
	publisher = {{IOP} Publishing},
	volume = {576},
	number = {2},
	pages = {899--907},
	title = {The Runaway Growth of Intermediate-Mass Black Holes in Dense Star Clusters},
	journal = {ApJ},
	abstract = {}
}

@article{portzw:paper,
	author = "{{Portegies Zwart S. F. et al. 2004}}",
	doi = "",
	journal = "Nature",
	keywords = "",
	pages = "724-726",
	title = "",
	url = "",
	volume = 428,
	year = 2004
}

@article{vol:paper,
	author = "{{Volonteri M.}}",
        title = "{Formation of supermassive black holes}",
      journal = "Astronomy and Astrophysics Review",
     keywords = {Black hole physics, Galaxies: formation, Cosmology: theory, Quasars, Galaxies: evolution, Astrophysics - Cosmology and Nongalactic Astrophysics},
         year = 2010,
        month = jul,
       volume = {18},
       number = {3},
        pages = {279-315},
          doi = {10.1007/s00159-010-0029-x},
archivePrefix = {arXiv},
       eprint = {1003.4404},
 primaryClass = {astro-ph.CO},
       adsurl = {https://ui.adsabs.harvard.edu/abs/2010A&ARv..18..279V},
      adsnote = {Provided by the SAO/NASA Astrophysics Data System}
}

@article{amaro:paper,
	author = "{{Amaro-Seoane P., Gair J. R., Pound A., Hughes S. A., Sopuerta C. F.}} ",
        title = "{Research Update on Extreme-Mass-Ratio Inspirals}",
     keywords = {Astrophysics - Cosmology and Nongalactic Astrophysics, Astrophysics - Astrophysics of Galaxies, General Relativity and Quantum Cosmology},
    booktitle = {Journal of Physics Conference Series},
         year = 2015,
       series = {Journal of Physics Conference Series},
       volume = {610},
        month = may,
          eid = {012002},
        pages = {012002},
          doi = {10.1088/1742-6596/610/1/012002},
archivePrefix = {arXiv},
       eprint = {1410.0958},
 primaryClass = {astro-ph.CO},
       adsurl = {https://ui.adsabs.harvard.edu/abs/2015JPhCS.610a2002A},
      adsnote = {Provided by the SAO/NASA Astrophysics Data System}
}

@article{banwolf:paper,
	author = "{{Bahcall J. N., Wolf R. A.}} ",
        title = "{Star distribution around a massive black hole in a globular cluster.}",
      journal = {ApJ},
     keywords = {Black Holes (Astronomy), Distribution Functions, Globular Clusters, Gravitational Effects, Star Distribution, Stellar Motions, Anisotropy, Density (Number/Volume), Flow Velocity, Gravitational Fields, Stellar Mass, Time Dependence, Velocity Distribution, X Ray Sources, Astrophysics},
         year = 1976,
        month = oct,
       volume = {209},
        pages = {214-232},
          doi = {10.1086/154711},
       adsurl = {https://ui.adsabs.harvard.edu/abs/1976ApJ...209..214B},
      adsnote = {Provided by the SAO/NASA Astrophysics Data System}
}

@article{gebh:paper,
	author = "{{Gebhardt K., Rich R. M., Ho L. C.}} ",
        title = "{An Intermediate-Mass Black Hole in the Globular Cluster G1: Improved Significance from New Keck and Hubble Space Telescope Observations}",
      journal = {ApJ},
     keywords = {Galaxies: Individual: Messier Number: M31, Galaxies: Star Clusters, Galaxy: Globular Clusters: General, globular clusters: individual (Mayall II ), globular clusters: individual ( G1), Astrophysics},
         year = 2005,
        month = dec,
       volume = {634},
       number = {2},
        pages = {1093-1102},
          doi = {10.1086/497023},
archivePrefix = {arXiv},
       eprint = {astro-ph/0508251},
 primaryClass = {astro-ph},
       adsurl = {https://ui.adsabs.harvard.edu/abs/2005ApJ...634.1093G},
      adsnote = {Provided by the SAO/NASA Astrophysics Data System}
}

@article{mac1:paper,
 author = "{{Maccarone T. J.}} ",
        title = "{Radio emission as a test of the existence of intermediate-mass black holes in globular clusters and dwarf spheroidal galaxies}",
      journal = {MNRAS},
     keywords = {accretion, accretion discs: black hole physics: globular clusters: general: globular clusters: individual: Omega Cen: radio continuum: general, Astrophysics},
         year = 2004,
        month = jul,
       volume = {351},
       number = {3},
        pages = {1049-1053},
          doi = {10.1111/j.1365-2966.2004.07859.x},
archivePrefix = {arXiv},
       eprint = {astro-ph/0403530},
 primaryClass = {astro-ph},
       adsurl = {https://ui.adsabs.harvard.edu/abs/2004MNRAS.351.1049M},
      adsnote = {Provided by the SAO/NASA Astrophysics Data System}
}

@article{mac2:paper,
 author = "{{Maccarone T. J., Servillat M.}} ",
        title = "{Radio observations of NGC 2808 and other globular clusters: constraints on intermediate-mass black holes}",
      journal = {MNRAS},
     keywords = {accretion, accretion discs, stellar dynamics, globular clusters: general, globular clusters: individual: NGC 2808, radio continuum: general, Astrophysics},
         year = 2008,
        month = sep,
       volume = {389},
       number = {1},
        pages = {379-384},
          doi = {10.1111/j.1365-2966.2008.13577.x},
archivePrefix = {arXiv},
       eprint = {0806.2387},
 primaryClass = {astro-ph},
       adsurl = {https://ui.adsabs.harvard.edu/abs/2008MNRAS.389..379M},
      adsnote = {Provided by the SAO/NASA Astrophysics Data System}
}

@article{lin:paper,
 author = "{{Lin D. et al.2018}} ",
 doi = "",
 journal = "Nature Astronomy",
 keywords = "",
 pages = "2, 656",
 title = "",
 url = "",
 volume = "",
 year = 2018
}

@ARTICLE{lin_2020:paper,
       author = "{{Lin D. et al 2020}}",
        title = "{Multiwavelength Follow-up of the Hyperluminous Intermediate-mass Black Hole Candidate 3XMM J215022.4-055108}",
      journal = {ApJ},
     keywords = {Astrophysics - High Energy Astrophysical Phenomena, Astrophysics - Astrophysics of Galaxies},
         year = 2020,
        month = apr,
       volume = {892},
       number = {2},
          eid = {L25},
        pages = {L25},
          doi = {10.3847/2041-8213/ab745b},
archivePrefix = {arXiv},
       eprint = {2002.04618},
 primaryClass = {astro-ph.HE},
       adsurl = {https://ui.adsabs.harvard.edu/abs/2020ApJ...892L..25L},
      adsnote = {Provided by the SAO/NASA Astrophysics Data System}
}

@article{pere:paper,
 author = "{{Perera B. B. P. et al.}} ",
        title = "{Evidence for an intermediate-mass black hole in the globular cluster NGC 6624}",
      journal = {MNRAS},
     keywords = {black hole physics, stars: neutron, pulsars: individual: PSR B1820-30A, globular clusters: individual: NGC 6624, Astrophysics - High Energy Astrophysical Phenomena, Astrophysics - Astrophysics of Galaxies, Astrophysics - Solar and Stellar Astrophysics},
         year = 2017,
        month = jun,
       volume = {468},
       number = {2},
        pages = {2114-2127},
          doi = {10.1093/mnras/stx501},
archivePrefix = {arXiv},
       eprint = {1705.01612},
 primaryClass = {astro-ph.HE},
       adsurl = {https://ui.adsabs.harvard.edu/abs/2017MNRAS.468.2114P},
      adsnote = {Provided by the SAO/NASA Astrophysics Data System}
}

@ARTICLE{abbate:paper,
       author = "{{Abbate F., Possenti A., Ridolfi A., Freire P. C. C., Camilo F., Manchester R. N., D Amico N.}} ",
        title = "{Internal gas models and central black hole in 47 Tucanae using millisecond pulsars}",
      journal = {MNRAS},
     keywords = {stars: kinematics and dynamics, pulsars: general, ISM: kinematics and dynamics, globular clusters: individual: 47 Tucanae, Astrophysics - High Energy Astrophysical Phenomena},
         year = 2018,
        month = nov,
       volume = {481},
       number = {1},
        pages = {627-638},
          doi = {10.1093/mnras/sty2298},
archivePrefix = {arXiv},
       eprint = {1808.06621},
 primaryClass = {astro-ph.HE},
       adsurl = {https://ui.adsabs.harvard.edu/abs/2018MNRAS.481..627A},
      adsnote = {Provided by the SAO/NASA Astrophysics Data System}
}

@article{abbate1:paper,
 author = "{{Abbate F., Spera M., Colpi M.}} ",
        title = "{Intermediate mass black holes in globular clusters: effects on jerks and jounces of millisecond pulsars}",
      journal = {MNRAS},
     keywords = {black hole physics, pulsars: general, globular clusters: general, globular clusters: individual: 47 Tucanae, Astrophysics - High Energy Astrophysical Phenomena, Astrophysics - Astrophysics of Galaxies},
         year = 2019,
        month = jul,
       volume = {487},
       number = {1},
        pages = {769-781},
          doi = {10.1093/mnras/stz1330},
archivePrefix = {arXiv},
       eprint = {1905.05209},
 primaryClass = {astro-ph.HE},
       adsurl = {https://ui.adsabs.harvard.edu/abs/2019MNRAS.487..769A},
      adsnote = {Provided by the SAO/NASA Astrophysics Data System}
}

@article{jenny:paper,
 author = "{{Jenny E. Greene, Jay Strader, Luis C. Ho}} ",
title = "{Intermediate-Mass Black Holes}",
journal = {Annual Review of Astronomy and Astrophysics},
volume = {58},
number = {1},
pages = {null},
year = {2020},
doi = {10.1146/annurev-astro-032620-021835},

URL = { 
        https://doi.org/10.1146/annurev-astro-032620-021835
    
},
eprint = { 
        https://doi.org/10.1146/annurev-astro-032620-021835
    
}
,
abstract = { }
}

@article{king:paper,
 author = "{{King I.}} ",
        title = "{The structure of star clusters. I. an empirical density law}",
      journal = {AJ},
         year = 1962,
        month = oct,
       volume = {67},
        pages = {471},
          doi = {10.1086/108756},
       adsurl = {https://ui.adsabs.harvard.edu/abs/1962AJ.....67..471K},
      adsnote = {Provided by the SAO/NASA Astrophysics Data System}
}

@article{prager:paper,
 author = "{{Prager B. J., Ransom S. M., Freire P. C. C.}}",
        title = "{Using Long-term Millisecond Pulsar Timing to Obtain Physical Characteristics of the Bulge Globular Cluster Terzan 5}",
      journal = {ApJ},
     keywords = {black hole physics, globular clusters: individual: Terzan 5, pulsars: general, stars: kinematics and dynamics, Astrophysics - Solar and Stellar Astrophysics, Astrophysics - Astrophysics of Galaxies, Astrophysics - High Energy Astrophysical Phenomena},
         year = 2017,
        month = aug,
       volume = {845},
       number = {2},
          eid = {148},
        pages = {148},
          doi = {10.3847/1538-4357/aa7ed7},
archivePrefix = {arXiv},
       eprint = {1612.04395},
 primaryClass = {astro-ph.SR},
       adsurl = {https://ui.adsabs.harvard.edu/abs/2017ApJ...845..148P},
      adsnote = {Provided by the SAO/NASA Astrophysics Data System}
}

@article{baum:paper,
 author = "{{Baumgardt H., Makino J., Ebisuzaki T.}} ",
        title = "{Massive Black Holes in Star Clusters. II. Realistic Cluster Models}",
      journal = {ApJ},
     keywords = {Black Hole Physics, Galaxy: Globular Clusters: General, Methods: n-Body Simulations, Stellar Dynamics, Astrophysics},
         year = 2004,
        month = oct,
       volume = {613},
       number = {2},
        pages = {1143-1156},
          doi = {10.1086/423299},
archivePrefix = {arXiv},
       eprint = {astro-ph/0406231},
 primaryClass = {astro-ph},
       adsurl = {https://ui.adsabs.harvard.edu/abs/2004ApJ...613.1143B},
      adsnote = {Provided by the SAO/NASA Astrophysics Data System}
}

@article{shklov:paper,
 author = "{{Shklovskii I. S.}} ",
 doi = "",
 journal = "Soviet Ast.",
 keywords = "",
 pages = "13, 562",
 title = "",
 url = "",
 volume = "",
 year = 1970
}

@ARTICLE{abel:paper,
       author = "{{Abel T., Bryan G. L. and Normann M. L.}} ",
        title = "{The Formation and Fragmentation of Primordial Molecular Clouds}",
      journal = {ApJ},
     keywords = {Cosmology: Theory, Galaxies: Formation, Methods: Numerical, Astrophysics},
         year = 2000,
        month = sep,
       volume = {540},
       number = {1},
        pages = {39-44},
          doi = {10.1086/309295},
archivePrefix = {arXiv},
       eprint = {astro-ph/0002135},
 primaryClass = {astro-ph},
       adsurl = {https://ui.adsabs.harvard.edu/abs/2000ApJ...540...39A},
      adsnote = {Provided by the SAO/NASA Astrophysics Data System}
}

@article{ligovirgo1:paper,
  title = "{{Observation of Gravitational Waves from a Binary Black Hole Merger}}",
  author = {Abbott B. P. et al.},
  collaboration = {LIGO Scientific Collaboration and Virgo Collaboration},
  journal = {Phys. Rev. Lett.},
  volume = {116},
  issue = {6},
  pages = {061102},
  numpages = {16},
  year = {2016},
  %month = {Feb},
  publisher = {American Physical Society},
  doi = {10.1103/PhysRevLett.116.061102},
  url = {https://link.aps.org/doi/10.1103/PhysRevLett.116.061102}
}

@article{pasquato:paper,
       author = "{{Pasquato M., Miocchi P., Sohn Bong W. and Young-Wook L.}}",
        title = "{Globular Clusters Hosting Intermediate-Mass Black Holes: No Mass-Segregation Based Candidates}",
      journal = {ApJ},
     keywords = {globular clusters: general, methods: statistical, stars: black holes, Astrophysics - Astrophysics of Galaxies},
         year = 2016,
        month = jun,
       volume = {823},
       number = {2},
          eid = {135},
        pages = {135},
          doi = {10.3847/0004-637X/823/2/135},
archivePrefix = {arXiv},
       eprint = {1604.03554},
 primaryClass = {astro-ph.GA},
       adsurl = {https://ui.adsabs.harvard.edu/abs/2016ApJ...823..135P},
      adsnote = {Provided by the SAO/NASA Astrophysics Data System}
}

@article{Lanzoni:paper,
    author = "{{Lanzoni B., Mucciarelli A., Origlia L., Bellazzini M., Ferraro F.R., Valenti E., Miocchi P., Dalessandro E., Pallanca C., Massari D.}}",
    title = "{The velocity dispersion profile of NGC 6388 from resolved-star spectroscopy: no evidence of a central cusp and new constraints on the black hole mass}",
    eprint = "1304.2953",
    archivePrefix = "arXiv",
    primaryClass = "astro-ph.SR",
    doi = "10.1088/0004-637X/769/2/107",
    journal = "Astrophys. J.",
    volume = "769",
    pages = "107",
    year = "2013"
}

@ARTICLE{lutz:paper,
       author = "{{L{\"u}tzgendorf N., Kissler-Patig M., Noyola E., Jalali B., de Zeeuw P. T., Gebhardt K., Baumgardt H.}}",
        title = "{Kinematic signature of an intermediate-mass black hole in the globular cluster NGC 6388}",
      journal = {Astronomy \& Astrophysics},
     keywords = {black hole physics, globular clusters: individual: NGC 6388, stars: kinematics and dynamics, Astrophysics - Astrophysics of Galaxies},
         year = 2011,
        month = sep,
       volume = {533},
          eid = {A36},
        pages = {A36},
          doi = {10.1051/0004-6361/201116618},
archivePrefix = {arXiv},
       eprint = {1107.4243},
 primaryClass = {astro-ph.GA},
       adsurl = {https://ui.adsabs.harvard.edu/abs/2011A&A...533A..36L},
      adsnote = {Provided by the SAO/NASA Astrophysics Data System}
}

@ARTICLE{capdolspe:paper,
       author = {{Capuzzo-Dolcetta}, R. and {Spera}, M. and {Punzo}, D.},
        title = "{A fully parallel, high precision, N-body code running on hybrid computing platforms}",
      journal = {Journal of Computational Physics},
     keywords = {Astrophysics - Instrumentation and Methods for Astrophysics, Computer Science - Distributed, Parallel, and Cluster Computing, Physics - Computational Physics},
         year = 2013,
        month = mar,
       volume = {236},
        pages = {580-593},
          doi = {10.1016/j.jcp.2012.11.013},
archivePrefix = {arXiv},
       eprint = {1207.2367},
 primaryClass = {astro-ph.IM},
       adsurl = {https://ui.adsabs.harvard.edu/abs/2013JCoPh.236..580C},
      adsnote = {Provided by the SAO/NASA Astrophysics Data System}
}

@ARTICLE{plummer:paper,
       author = {{Plummer}, H.~C.},
        title = "{On the problem of distribution in globular star clusters}",
      journal = {MNRAS},
         year = 1911,
        month = mar,
       volume = {71},
        pages = {460-470},
          doi = {10.1093/mnras/71.5.460},
       adsurl = {https://ui.adsabs.harvard.edu/abs/1911MNRAS..71..460P},
      adsnote = {Provided by the SAO/NASA Astrophysics Data System}
}

@ARTICLE{kroupa:paper,
       author = {{Kroupa}, Pavel},
        title = "{On the variation of the initial mass function}",
      journal = {MNRAS},
     keywords = {BINARIES: GENERAL, STARS: FORMATION, STARS: KINEMATICS, STARS: LUMINOSITY FUNCTION, MASS FUNCTION, GLOBULAR CLUSTERS: GENERAL, OPEN CLUSTERS AND ASSOCIATIONS: GENERAL, Astrophysics},
         year = 2001,
        month = apr,
       volume = {322},
       number = {2},
        pages = {231-246},
          doi = {10.1046/j.1365-8711.2001.04022.x},
archivePrefix = {arXiv},
       eprint = {astro-ph/0009005},
 primaryClass = {astro-ph},
       adsurl = {https://ui.adsabs.harvard.edu/abs/2001MNRAS.322..231K},
      adsnote = {Provided by the SAO/NASA Astrophysics Data System}
}

@ARTICLE{haehnelt:paper,
       author = {{Haehnelt}, Martin G. and {Rees}, Martin J.},
        title = "{The formation of nuclei in newly formed galaxies and the evolution of the quasar population}",
      journal = {MNRAS},
     keywords = {Active Galactic Nuclei, Black Holes (Astronomy), Galactic Evolution, Quasars, Red Shift, Astronomical Models, Dark Matter, Galactic Structure, Halos, Stellar Luminosity, Astrophysics},
         year = 1993,
        month = jul,
       volume = {263},
       number = {1},
        pages = {168-178},
          doi = {10.1093/mnras/263.1.168},
       adsurl = {https://ui.adsabs.harvard.edu/abs/1993MNRAS.263..168H},
      adsnote = {Provided by the SAO/NASA Astrophysics Data System}
}

@ARTICLE{arcasedda:paper,
       author = {{Arca-Sedda}, M. and {Capuzzo-Dolcetta}, R.},
        title = "{The globular cluster migratory origin of nuclear star clusters}",
      journal = {MNRAS},
     keywords = {methods: numerical, galaxies: nuclei, galaxies: star clusters: general, Astrophysics - Astrophysics of Galaxies},
         year = 2014,
        month = nov,
       volume = {444},
       number = {4},
        pages = {3738-3755},
          doi = {10.1093/mnras/stu1683},
archivePrefix = {arXiv},
       eprint = {1405.7593},
 primaryClass = {astro-ph.GA},
       adsurl = {https://ui.adsabs.harvard.edu/abs/2014MNRAS.444.3738A},
      adsnote = {Provided by the SAO/NASA Astrophysics Data System}
}

@ARTICLE{strader:paper,
       author = {{Strader}, Jay and {Chomiuk}, Laura and {Maccarone}, Thomas J. and
         {Miller-Jones}, James C.~A. and {Seth}, Anil C. and {Heinke}, Craig O. and
         {Sivakoff}, Gregory R.},
        title = "{No Evidence for Intermediate-mass Black Holes in Globular Clusters: Strong Constraints from the JVLA}",
      journal = {ApJ},
     keywords = {black hole physics, globular clusters: general, radio continuum: general, Astrophysics - High Energy Astrophysical Phenomena, Astrophysics - Cosmology and Nongalactic Astrophysics, Astrophysics - Astrophysics of Galaxies},
         year = 2012,
        month = may,
       volume = {750},
       number = {2},
          eid = {L27},
        pages = {L27},
          doi = {10.1088/2041-8205/750/2/L27},
archivePrefix = {arXiv},
       eprint = {1203.6352},
 primaryClass = {astro-ph.HE},
       adsurl = {https://ui.adsabs.harvard.edu/abs/2012ApJ...750L..27S},
      adsnote = {Provided by the SAO/NASA Astrophysics Data System}
}

@ARTICLE{lutz1:paper,
       author = {{L{\"u}tzgendorf}, Nora and {Gebhardt}, Karl and {Baumgardt}, Holger and
         {Noyola}, Eva and {Neumayer}, Nadine and {Kissler-Patig}, Markus and
         {de Zeeuw}, Tim},
        title = "{Re-evaluation of the central velocity-dispersion profile in NGC 6388}",
      journal = {Astronomy \& Astrophysics},
     keywords = {stars: kinematics and dynamics, methods: numerical, black hole physics, Astrophysics - Astrophysics of Galaxies},
         year = 2015,
        month = sep,
       volume = {581},
          eid = {A1},
        pages = {A1},
          doi = {10.1051/0004-6361/201425524},
archivePrefix = {arXiv},
       eprint = {1507.02813},
 primaryClass = {astro-ph.GA},
       adsurl = {https://ui.adsabs.harvard.edu/abs/2015A&A...581A...1L},
      adsnote = {Provided by the SAO/NASA Astrophysics Data System}
}

@ARTICLE{trenti:paper,
       author = {{Trenti}, Michele and {Vesperini}, Enrico and {Pasquato}, Mario},
        title = "{Tidal Disruption, Global Mass Function, and Structural Parameter Evolution in Star Clusters}",
      journal = {ApJ},
     keywords = {globular clusters: general, methods: N-body simulations, stars: luminosity function, mass function, stellar dynamics, Astrophysics - Astrophysics of Galaxies},
         year = 2010,
        month = jan,
       volume = {708},
       number = {2},
        pages = {1598-1610},
          doi = {10.1088/0004-637X/708/2/1598},
archivePrefix = {arXiv},
       eprint = {0911.3394},
 primaryClass = {astro-ph.GA},
       adsurl = {https://ui.adsabs.harvard.edu/abs/2010ApJ...708.1598T},
      adsnote = {Provided by the SAO/NASA Astrophysics Data System}
}




@online{binaria:online,
	Title = {Stella binaria a raggi X},
	Url = {https://it.wikipedia.org/wiki/Stella_binaria_a_raggi_X},
	Urldate = {}
}

@online{split:online,
	Title = {Applied Data Mining and Statistical Learning},
	Url = {https://online.stat.psu.edu/stat508/},
	Urldate = {}
}

@online{generalizz:online,
	Title = {Apprendimento automatico},
	Url = {https://it.wikipedia.org/wiki/Apprendimento_automatico},
	Urldate = {}
}

@online{prec_ric:online,
	Title = {F1 score},
	Url = {https://en.wikipedia.org/wiki/F1_score},
	Urldate = {}
}

@online{ligo:online,
	Title = {LIGO-Scientific Collaboartio},
	Url = {https://www.ligo.org/science/overview.php},
	Urldate = {}
}

@online{virgo:online,
	Title = {The Virgo Collaboration},
	Url = {http://public.virgo-gw.eu/virgo-in-a-nutshell/},
	Urldate = {}
}

@online{47tuc:online,
	Title = {47 Tucanae},
	Url = {https://en.wikipedia.org/wiki/47_Tucanae},
	Urldate = {}
}

@online{HiGPUs:online,
	Title = {HiGPUs},
	Url = {astrowww.phys.uniroma1. it/dolcetta/HPCcodes/HiGPUs.html},
	Urldate = {}
}

@online{cineca:online,
	Title = {CINECA},
	Url = {https://www.cineca.it},
	Urldate = {}
}

@online{numpy:online,
	Title = {NumPy},
	Url = {https://numpy.org},
	Urldate = {}
}

@online{sklearn:online,
	Title = {scikit-learn},
	Url = {https://www.sklearn.org},
	Urldate = {}
}

@online{pulsar:online,
	Title = {Pulsars in globular clusters},
	Url = {http://www.naic.edu/\%7Epfreire/GCpsr.html},
	Urldate = {}
}

@book{mitch:book,
	author = "Mitchell Tom M.",
	edition = "",
	editor = "New York: McGraw-Hill",
	keywords = " ",
	publisher = "",
	title = "{Machine Learning}",
	url = "",
	year = 1997
}

@book{brei:book,
	author = "{{Breiman L., Friedman J.H., Olshen R. A. and Stone C. J.}}",
	edition = "",
	editor = "Chapman and Hall, New York, NY",
	keywords = " ",
	publisher = "",
	title = "{Classification and Regression Trees}",
	url = "",
	year = 1984
}

@book{molnar2019:book,
  title      = {Interpretable Machine Learning},
  author     = {Christoph Molnar},
  note       = {\url{https://christophm.github.io/interpretable-ml-book/}},
  year       = {2019},
  subtitle   = {A Guide for Making Black Box Models Explainable}
}